@book{bullo2019geometric,
  title={Geometric control of mechanical systems: modeling, analysis, and design for simple mechanical control systems},
  author={Bullo, Francesco and Lewis, Andrew D},
  volume={49},
  year={2019},
  publisher={Springer}
}
@article{consolini2010path,
  title={Path following for the PVTOL aircraft},
  author={Consolini, Luca and Maggiore, Manfredi and Nielsen, Christopher and Tosques, Mario},
  journal={Automatica},
  volume={46},
  number={8},
  pages={1284--1296},
  year={2010},
  publisher={Elsevier}
}
@article{consolini2013control,
  title={Control of a bicycle using virtual holonomic constraints},
  author={Consolini, Luca and Maggiore, Manfredi},
  journal={Automatica},
  volume={49},
  number={9},
  pages={2831--2839},
  year={2013},
  publisher={Elsevier}
}
@article{mccarthy,
  title={A NOETHER THEOREM AND SYMMETRY REDUCTION FOR
  FORCED AFFINE CONNECTION SYSTEMS ON 2-MANIFOLDS},
  author={McCarthy, Maggiore, Manfredi, Consolini},
  journal={TODO},
  volume={TODO},
  number={TODO},
  pages={TODO},
  year={TODO},
  publisher={TODO}
}
@article{maggiore2012virtual,
  title={Virtual holonomic constraints for Euler--Lagrange systems},
  author={Maggiore, Manfredi and Consolini, Luca},
  journal={IEEE Transactions on Automatic Control},
  volume={58},
  number={4},
  pages={1001--1008},
  year={2012},
  publisher={IEEE}
}
@book{marsden2013introduction,
  title={Introduction to mechanics and symmetry: a basic exposition of classical mechanical systems},
  author={Marsden, Jerrold E and Ratiu, Tudor S},
  volume={17},
  year={2013},
  publisher={Springer Science \& Business Media}
}